@inproceedings{aggarwal2001,
     title={On the Surprising Behavior of Distance Metrics in High Dimensional Space},
     author={Aggarwal, Charu C and Hinneburg, Alexander and Keim, Daniel A},
     editor={Jan Van den Bussche and Victor Vianu},
     booktitle={International Conference on Database Theory},
     pages={420--434},
     year={2001},
     organization={Springer-Verlag}
}

@incollection{aggarwal2013,
     title={Time-Series Data Clustering},
     booktitle={Data Clustering: Algorithms and Applications},
     author={Aggarwal, Charu C and Reddy, Chandan K},
     year={2013},
     publisher={CRC Press},
     chapter={15}
}

@article{aghabozorgi2015,
     title={Time-Series Clustering --- A Decade Review},
     author={Aghabozorgi, Saeed and Shirkhorshidi, Ali Seyed and Wah, Teh Ying},
     journal={Information Systems},
     volume={53},
     pages={16--38},
     year={2015},
     publisher={Elsevier},
     url={https://doi.org/10.1016/j.is.2015.04.007}
}

@article{arbelaitz2013,
    title={An Extensive Comparative Study of Cluster Validity Indices},
    author={Arbelaitz, Olatz and Gurrutxaga, Ibai and Muguerza, Javier and P{\'e}rez, Jes{\'u}s M and Perona, I{\~n}igo},
    journal={Pattern Recognition},
    volume={46},
    number={1},
    pages={243--256},
    year={2013},
    publisher={Elsevier},
    url={https://doi.org/10.1016/j.patcog.2012.07.021}
}

@book{bezdek1981,
    title={Pattern Recognition with Fuzzy Objective Function Algorithms},
    author={Bezdek, James C.},
    year={1981},
    publisher={Kluwer Academic Publishers}
}

@inproceedings{begum2015,
    title={Accelerating Dynamic Time Warping Clustering with a Novel Admissible Pruning Strategy},
    author={Begum, Nurjahan and Ulanova, Liudmila and Wang, Jun and Keogh, Eamonn},
    year={2015},
    isbn={978-1-4503-3664-2/15/08},
    url={https://doi.org/10.1145/2783258.2783286},
    publisher={ACM},
    booktitle={Conference on Knowledge Discovery and Data Mining},
    series={KDD '15}
}

@inproceedings{berndt1994,
     title={Using Dynamic Time Warping to Find Patterns in Time Series},
     author={Berndt, Donald J and Clifford, James},
     booktitle={KDD Workshop},
     volume={10},
     number={16},
     pages={359--370},
     year={1994},
     organization={Seattle, WA}
}

@article{brandmaier2015,
    title = {{pdc}: An {R} Package for Complexity-Based Clustering of Time Series},
    author = {Andreas M. Brandmaier},
    journal = {Journal of Statistical Software},
    year = {2015},
    volume = {67},
    number = {5},
    pages = {1--23},
    url = {https://doi.org/10.18637/jss.v067.i05}
}

@manual{clue,
    title = {{clue}: Cluster Ensembles},
    author = {Kurt Hornik},
    year = {2019},
    note = {R package version 0.3-57},
    url = {https://CRAN.R-project.org/package=clue}
}

@manual{cluster,
    title = {{cluster}: Cluster Analysis Basics and Extensions},
    author = {Martin Maechler and Peter Rousseeuw and Anja Struyf and Mia Hubert and Kurt Hornik},
    year = {2019},
    note = {R package version 2.0.8},
    url = {https://CRAN.R-project.org/package=cluster}
}

@inproceedings{cuturi2011,
    title={Fast Global Alignment Kernels},
    author={Cuturi, Marco},
    booktitle={Proceedings of the 28th international conference on machine learning (ICML-11)},
    pages={929--936},
    year={2011}
}

@inproceedings{cuturi2017,
    title = 	 {Soft-{DTW}: a Differentiable Loss Function for Time-Series},
    author = 	 {Marco Cuturi and Mathieu Blondel},
    booktitle = 	 {Proceedings of the 34th International Conference on Machine Learning},
    pages = 	 {894--903},
    year = 	 {2017},
    editor = 	 {Doina Precup and Yee Whye Teh},
    volume = 	 {70},
    series = 	 {Proceedings of Machine Learning Research},
    address = 	 {International Convention Centre, Sydney, Australia},
    month = 	 {06--11 Aug},
    publisher = 	 {PMLR},
    url = 	 {http://proceedings.mlr.press/v70/cuturi17a.html},
}

@inproceedings{dau2016,
    title={Semi-supervision dramatically improves time series clustering under dynamic time warping},
    author={Dau, Hoang Anh and Begum, Nurjahan and Keogh, Eamonn},
    booktitle={Proceedings of the 25th ACM International on Conference on Information and Knowledge Management},
    pages={999--1008},
    year={2016},
    organization={ACM},
    url={https://doi.org/10.1145/2983323.2983855}
}

@manual{doParallel,
    title = {{doParallel}: Foreach Parallel Adaptor for the {'parallel'} Package},
    author = {{Microsoft Corporation} and Steve Weston},
    year = {2018},
    note = {R package version 1.0.14},
    url = {https://CRAN.R-project.org/package=doParallel}
}

@article{durso2009,
    title={Autocorrelation-Based Fuzzy Clustering of Time Series},
    author={D'Urso, Pierpaolo and Maharaj, Elizabeth Ann},
    journal={Fuzzy Sets and Systems},
    volume={160},
    number={24},
    pages={3565--3589},
    year={2009},
    publisher={Elsevier},
    url={https://doi.org/10.1016/j.fss.2009.04.013}
}

@manual{foreach,
    title = {{foreach}: Provides Foreach Looping Construct for {R}},
    author = {{Revolution Analytics} and Steve Weston},
    year = {2017},
    note = {R package version 1.4.4},
    url = {https://CRAN.R-project.org/package=foreach}
}

@article{giorgino2009,
    author={Toni Giorgino},
    title={Computing and Visualizing Dynamic Time Warping Alignments in {R}: The {dtw} Package},
    journal={Journal of Statistical Software},
    year={2009},
    volume={31},
    number={7},
    pages={1--24},
    url={https://doi.org/10.18637/jss.v031.i07}
}

@incollection{hastie2009,
    booktitle={The Elements of Statistical Learning 2nd Edition},
    title={Cluster Analysis},
    author={Hastie, Trevor and Tibshirani, Robert and Friedman, Jerome},
    chapter={14.3},
    year={2009},
    publisher={New York: Springer-Verlag}
}

@article{hornik2005,
    title={A {CLUE} for {CLUster} Ensembles},
    author={Hornik, Kurt},
    journal={Journal of Statistical Software},
    volume={14},
    number={12},
    pages={1--25},
    year={2005},
    publisher={University of California, Los Angeles},
    url={https://doi.org/10.18637/jss.v014.i12}
}

@article{izakian2015,
    title={Fuzzy clustering of time series data using dynamic time warping distance},
    author={Izakian, Hesam and Pedrycz, Witold and Jamal, Iqbal},
    journal={Engineering Applications of Artificial Intelligence},
    volume={39},
    pages={235--244},
    year={2015},
    publisher={Elsevier},
    url={https://doi.org/10.1016/j.engappai.2014.12.015}
}

@inbook{kaufman1990,
    title={Finding Groups in Data. An Introduction to Cluster Analysis},
    author={Kaufman, Leonard and Rousseeuw, Peter J.},
    journal={Wiley Series in Probability and Mathematical Statistics. Applied Probability and Statistics, New York: Wiley, 1990},
    volume={1},
    year={1990},
    chapter={1},
    publisher={John Wiley \& Sons}
}

@inproceedings{keogh2004,
    title={Everything you know about dynamic time warping is wrong},
    author={Ratanamahatana, Chotirat Ann and Keogh, Eamonn},
    booktitle={Third workshop on mining temporal and sequential data},
    year={2004},
    organization={Citeseer}
}

@article{keogh2005,
    title={Exact Indexing of Dynamic Time Warping},
    author={Keogh, Eamonn and Ratanamahatana, Chotirat Ann},
    journal={Knowledge and information systems},
    volume={7},
    number={3},
    pages={358--386},
    year={2005},
    publisher={Springer-Verlag},
    url={https://doi.org/10.1007/s10115-004-0154-9}
}

@article{krishnapuram2001,
    title={Low-complexity fuzzy relational clustering algorithms for web mining},
    author={Krishnapuram, Raghu and Joshi, Anupam and Nasraoui, Olfa and Yi, Liyu},
    journal={IEEE transactions on Fuzzy Systems},
    volume={9},
    number={4},
    pages={595--607},
    year={2001},
    publisher={IEEE},
    url={https://doi.org/10.1109/91.940971}
}

@article{lei2017,
    title={Extending information-theoretic validity indices for fuzzy clustering},
    author={Lei, Yang and Bezdek, James C and Chan, Jeffrey and Vinh, Nguyen Xuan and Romano, Simone and Bailey, James},
    journal={IEEE Transactions on Fuzzy Systems},
    volume={25},
    number={4},
    pages={1013--1018},
    year={2017},
    publisher={IEEE},
    url={https://doi.org/10.1109/TFUZZ.2016.2584644}
}

@article{leisch2006,
    title={A Toolbox for k-Centroids Cluster Analysis},
    author={Leisch, Friedrich},
    journal={Computational Statistics \& Data Analysis},
    volume={51},
    number={2},
    pages={526--544},
    year={2006},
    publisher={Elsevier},
    url={https://doi.org/10.1016/j.csda.2005.10.006}
}

@article{lemire2009,
    title = "Faster Retrieval with a Two-Pass Dynamic-Time-Warping Lower Bound ",
    journal = "Pattern Recognition ",
    volume = "42",
    number = "9",
    pages = "2169 - 2180",
    year = "2009",
    note = "",
    issn = "0031-3203",
    url = "https://doi.org/10.1016/j.patcog.2008.11.030",
    author = "Daniel Lemire"
}

@article{liao2005,
    title={Clustering of Time Series Data: A Survey},
    author={Liao, T Warren},
    journal={Pattern recognition},
    volume={38},
    number={11},
    pages={1857--1874},
    year={2005},
    publisher={Elsevier},
    url={https://doi.org/10.1016/j.patcog.2005.01.025}
}

@misc{lichman2013,
     author = "M. Lichman",
     year = "2013",
     title = "{UCI} Machine Learning Repository",
     url = "https://archive.ics.uci.edu/ml/index.php",
     institution = "University of California, Irvine, School of Information and Computer Sciences"
}

@incollection{meilua2003,
     title={Comparing Clusterings by the Variation of Information},
     author={Meil{\u{a}}, Marina},
     booktitle={Learning Theory and Kernel Machines},
     pages={173--187},
     year={2003},
     publisher={Springer-Verlag},
     url={https://doi.org/10.1007/978-3-540-45167-9_14}
}

@article{montero2014,
     title = {{TSclust}: An {R} Package for Time Series Clustering},
     author = {Pablo Montero and Jos{\'e} A. Vilar},
     journal = {Journal of Statistical Software},
     year = {2014},
     volume = {62},
     number = {1},
     pages = {1--43},
     url = {https://doi.org/10.18637/jss.v062.i01}
}

@inproceedings{paparrizos2015,
    author = {Paparrizos, John and Gravano, Luis},
    title = {{k-Shape}: Efficient and Accurate Clustering of Time Series},
    booktitle = {Proceedings of the 2015 ACM SIGMOD International Conference on Management of Data},
    series = {SIGMOD '15},
    year = {2015},
    isbn = {978-1-4503-2758-9},
    location = {Melbourne, Victoria, Australia},
    pages = {1855--1870},
    numpages = {16},
    url = {https://doi.org/10.1145/2949741.2949758},
    acmid = {2737793},
    publisher = {ACM},
    address = {New York, NY, USA}
}

@article{petitjean2011,
    title = "A Global Averaging Method for Dynamic Time Warping, with Applications to Clustering",
    journal = "Pattern Recognition",
    volume = "44",
    number = "3",
    pages = "678 - 693",
    year = "2011",
    note = "",
    issn = "0031-3203",
    url = "https://doi.org/10.1016/j.patcog.2010.09.013",
    author = "Petitjean, Fran{\c{c}}ois and Ketterlin, Alain and Gan{\c{c}}arski, Pierre"
}

@manual{proxy,
     title = {{proxy}: Distance and Similarity Measures},
     author = {David Meyer and Christian Buchta},
     year = {2019},
     note = {R package version 0.4-23},
     url = {https://CRAN.R-project.org/package=proxy}
}

@article{rani2012,
     title={Recent Techniques of Clustering of Time Series Data: A Survey},
     author={Rani, Sangeeta and Sikka, Geeta},
     journal={International Journal of Computer Applications},
     volume={52},
     number={15},
     year={2012},
     publisher={Foundation of Computer Science},
     url={https://doi.org/10.5120/8282-1278}
}

@manual{rcore,
     title = {{R}: A Language and Environment for Statistical Computing},
     author = {{R Core Team}},
     organization = {R Foundation for Statistical Computing},
     address = {Vienna, Austria},
     year = {2019},
     url = {https://www.R-project.org/}
}

@manual{rcppparallel,
    title = {{RcppParallel}: Parallel Programming Tools for {'Rcpp'}},
    author = {JJ Allaire and Romain Francois and Kevin Ushey and Gregory Vandenbrouck and Marcus Geelnard and {Intel}},
    year = {2018},
    note = {R package version 4.4.2},
    url = {https://CRAN.R-project.org/package=RcppParallel}
}

@article{rousseeuw1987,
    title={Silhouettes: a graphical aid to the interpretation and validation of cluster analysis},
    author={Rousseeuw, Peter J},
    journal={Journal of computational and applied mathematics},
    volume={20},
    pages={53--65},
    year={1987},
    publisher={Elsevier},
    url={https://doi.org/10.1016/0377-0427(87)90125-7}
}

@article{sakoe1978,
    author={Sakoe, H. and Chiba, S.},
    journal={Acoustics, Speech and Signal Processing, IEEE Transactions on},
    title={Dynamic Programming Algorithm Optimization for Spoken Word Recognition},
    year={1978},
    month={Feb},
    volume={26},
    number={1},
    pages={43-49},
    url={https://doi.org/10.1109/TASSP.1978.1163055},
    ISSN={0096-3518}
}

@article{sarda2019,
    author = {Alexis Sard\'a-Espinosa},
    title = {{Time-Series Clustering in R Using the dtwclust Package}},
    year = {2019},
    journal = {{The R Journal}},
    url = {https://doi.org/10.32614/RJ-2019-023}
}

@article{tsdist,
    title = {Distance Measures for Time Series in {R}: The {TSdist} Package},
    author = {Usue Mori and Alexander Mendiburu and Jose A. Lozano},
    journal = {{R} Journal},
    year = {2016},
    volume = {8},
    number = {2},
    pages = {451--459},
    url = {https://journal.r-project.org/archive/2016/RJ-2016-058/index.html}
}

@article{wang2007,
    title={On fuzzy cluster validity indices},
    author={Wang, Weina and Zhang, Yunjie},
    journal={Fuzzy sets and systems},
    volume={158},
    number={19},
    pages={2095--2117},
    year={2007},
    publisher={Elsevier},
    url={https://doi.org/10.1016/j.fss.2007.03.004}
}

@article{wang2013,
    year={2013},
    issn={1384-5810},
    journal={Data Mining and Knowledge Discovery},
    volume={26},
    number={2},
    title={Experimental Comparison of Representation Methods and Distance Measures for Time Series Data},
    url={https://doi.org/10.1007/s10618-012-0250-5},
    publisher={Springer-Verlag US},
    author={Wang, Xiaoyue and Mueen, Abdullah and Ding, Hui and Trajcevski, Goce and Scheuermann, Peter and Keogh, Eamonn},
    pages={275-309}
}
